@inproceedings{DBLP:conf/wdag/HarrisFP02,
  author       = {Timothy L. Harris and
                  Keir Fraser and
                  Ian A. Pratt},
  editor       = {Dahlia Malkhi},
  title        = {A Practical Multi-word Compare-and-Swap Operation},
  booktitle    = {Distributed Computing, 16th International Conference, {DISC} 2002,
                  Toulouse, France, October 28-30, 2002 Proceedings},
  series       = {Lecture Notes in Computer Science},
  volume       = {2508},
  pages        = {265--279},
  publisher    = {Springer},
  year         = {2002},
  url          = {https://doi.org/10.1007/3-540-36108-1\_18},
  doi          = {10.1007/3-540-36108-1\_18},
  timestamp    = {Tue, 14 May 2019 10:00:54 +0200},
  biburl       = {https://dblp.org/rec/conf/wdag/HarrisFP02.bib},
  bibsource    = {dblp computer science bibliography, https://dblp.org}
}

@inproceedings{DBLP:conf/wdag/GuerraouiKMZ20,
  author       = {Rachid Guerraoui and
                  Alex Kogan and
                  Virendra J. Marathe and
                  Igor Zablotchi},
  editor       = {Hagit Attiya},
  title        = {Efficient Multi-Word Compare and Swap},
  booktitle    = {34th International Symposium on Distributed Computing, {DISC} 2020,
                  October 12-16, 2020, Virtual Conference},
  series       = {LIPIcs},
  volume       = {179},
  pages        = {4:1--4:19},
  publisher    = {Schloss Dagstuhl - Leibniz-Zentrum f{\"{u}}r Informatik},
  year         = {2020},
  url          = {https://doi.org/10.4230/LIPIcs.DISC.2020.4},
  doi          = {10.4230/LIPICS.DISC.2020.4},
  timestamp    = {Wed, 21 Aug 2024 22:46:00 +0200},
  biburl       = {https://dblp.org/rec/conf/wdag/GuerraouiKMZ20.bib},
  bibsource    = {dblp computer science bibliography, https://dblp.org}
}

@inproceedings{DBLP:conf/ppopp/HarrisMPH05,
  author       = {Tim Harris and
                  Simon Marlow and
                  Simon L. Peyton Jones and
                  Maurice Herlihy},
  editor       = {Keshav Pingali and
                  Katherine A. Yelick and
                  Andrew S. Grimshaw},
  title        = {Composable memory transactions},
  booktitle    = {Proceedings of the {ACM} {SIGPLAN} Symposium on Principles and Practice
                  of Parallel Programming, {PPOPP} 2005, June 15-17, 2005, Chicago,
                  IL, {USA}},
  pages        = {48--60},
  publisher    = {{ACM}},
  year         = {2005},
  url          = {https://doi.org/10.1145/1065944.1065952},
  doi          = {10.1145/1065944.1065952},
  timestamp    = {Sun, 12 Jun 2022 19:46:08 +0200},
  biburl       = {https://dblp.org/rec/conf/ppopp/HarrisMPH05.bib},
  bibsource    = {dblp computer science bibliography, https://dblp.org}
}

@inproceedings{DBLP:conf/flops/DiscoloHMJS06,
  author       = {Anthony Discolo and
                  Tim Harris and
                  Simon Marlow and
                  Simon L. Peyton Jones and
                  Satnam Singh},
  editor       = {Masami Hagiya and
                  Philip Wadler},
  title        = {Lock Free Data Structures Using {STM} in Haskell},
  booktitle    = {Functional and Logic Programming, 8th International Symposium, {FLOPS}
                  2006, Fuji-Susono, Japan, April 24-26, 2006, Proceedings},
  series       = {Lecture Notes in Computer Science},
  volume       = {3945},
  pages        = {65--80},
  publisher    = {Springer},
  year         = {2006},
  url          = {https://doi.org/10.1007/11737414\_6},
  doi          = {10.1007/11737414\_6},
  timestamp    = {Tue, 14 May 2019 10:00:53 +0200},
  biburl       = {https://dblp.org/rec/conf/flops/DiscoloHMJS06.bib},
  bibsource    = {dblp computer science bibliography, https://dblp.org}
}

@inproceedings{DBLP:conf/haskell/LeYF16,
  author       = {Matthew Le and
                  Ryan Yates and
                  Matthew Fluet},
  editor       = {Geoffrey Mainland},
  title        = {Revisiting software transactional memory in Haskell},
  booktitle    = {Proceedings of the 9th International Symposium on Haskell, Haskell
                  2016, Nara, Japan, September 22-23, 2016},
  pages        = {105--113},
  publisher    = {{ACM}},
  year         = {2016},
  url          = {https://doi.org/10.1145/2976002.2976020},
  doi          = {10.1145/2976002.2976020},
  timestamp    = {Tue, 06 Aug 2024 17:12:58 +0200},
  biburl       = {https://dblp.org/rec/conf/haskell/LeYF16.bib},
  bibsource    = {dblp computer science bibliography, https://dblp.org}
}

@article{DBLP:journals/pacmpl/JungLPRTDJ20,
  author       = {Ralf Jung and
                  Rodolphe Lepigre and
                  Gaurav Parthasarathy and
                  Marianna Rapoport and
                  Amin Timany and
                  Derek Dreyer and
                  Bart Jacobs},
  title        = {The future is ours: prophecy variables in separation logic},
  journal      = {Proc. {ACM} Program. Lang.},
  volume       = {4},
  number       = {{POPL}},
  pages        = {45:1--45:32},
  year         = {2020},
  url          = {https://doi.org/10.1145/3371113},
  doi          = {10.1145/3371113},
  timestamp    = {Sat, 30 Sep 2023 10:23:23 +0200},
  biburl       = {https://dblp.org/rec/journals/pacmpl/JungLPRTDJ20.bib},
  bibsource    = {dblp computer science bibliography, https://dblp.org}
}
